<record><leader>00000cas a22000007a 4500</leader><controlfield tag="001">35951219</controlfield><controlfield tag="008">961118d1911191uokuwr n       0    0eng d</controlfield><datafield ind1=" " ind2=" " tag="010"><subfield code="a">sn 96093180 </subfield></datafield><datafield ind1=" " ind2=" " tag="040"><subfield code="a">OBN</subfield><subfield code="b">eng</subfield><subfield code="c">OBN</subfield><subfield code="d">OCLCQ</subfield><subfield code="d">OCLCO</subfield></datafield><datafield ind1="1" ind2=" " tag="029"><subfield code="a">AU@</subfield><subfield code="b">000012971856</subfield></datafield><datafield ind1=" " ind2=" " tag="042"><subfield code="a">msc</subfield></datafield><datafield ind1=" " ind2=" " tag="043"><subfield code="a">n-us-ok</subfield></datafield><datafield ind1="0" ind2="0" tag="245"><subfield code="a">Lucien leader.</subfield></datafield><datafield ind1=" " ind2=" " tag="260"><subfield code="a">Lucien, Okla. :</subfield><subfield code="b">E.J. Garner</subfield></datafield><datafield ind1=" " ind2=" " tag="300"><subfield code="a">v.</subfield></datafield><datafield ind1=" " ind2=" " tag="310"><subfield code="a">Weekly</subfield></datafield><datafield ind1="0" ind2=" " tag="362"><subfield code="a">Vol. 1, no. 1 (Mar. 2, 1911)-</subfield></datafield><datafield ind1=" " ind2=" " tag="580"><subfield code="a">Issued with: Noble County sentinel, Mar. 2-May 11, 1911.</subfield></datafield><datafield ind1=" " ind2="0" tag="651"><subfield code="a">Lucien (Okla.)</subfield><subfield code="v">Newspapers.</subfield></datafield><datafield ind1=" " ind2="0" tag="651"><subfield code="a">Noble County (Okla.)</subfield><subfield code="v">Newspapers.</subfield></datafield><datafield ind1=" " ind2=" " tag="752"><subfield code="a">United States</subfield><subfield code="b">Oklahoma</subfield><subfield code="c">Noble</subfield><subfield code="d">Lucien.</subfield></datafield><datafield ind1="0" ind2=" " tag="777"><subfield code="t">Noble County sentinel</subfield><subfield code="w">(DLC)sn 96064174</subfield><subfield code="w">(OCoLC)13686263</subfield></datafield></record>